@incollection{Kao:1995:ORD:207721.207740,
 author = {Kao, Ben and Garc\'{\i}a-Molina, H\'{e}ctor},
 chapter = {An overview of real-time database systems},
 title = {Advances in real-time systems},
 editor = {Son, Sang H.},
 year = {1995},
 isbn = {0-13-083348-7},
 pages = {463--486},
 numpages = {24},
 url = {http://dl.acm.org/citation.cfm?id=207721.207740},
 acmid = {207740},
 publisher = {Prentice-Hall, Inc.},
 address = {Upper Saddle River, NJ, USA},
} 

@inproceedings{wang:sc11,
	Author = {Daniel L. Wang and Serge M. Monkewitz and Kian-Tat Lim and Jacek Becla},
	Booktitle = {State of the Practice Reports (SC '11)},
	Title = {Qserv: a distributed shared-nothing database for the LSST catalog},
	Year = {2011}}

@inproceedings{rusu:ladis11,
	Author = {Florin Rusu and Alin Dobra},
	Booktitle = {LADIS '11},
	Title = {GLADE: A Scalable Framework for Efficient Analytics},
	Year = {2011}}

@inproceedings{arumugam:sigmod10,
	Author = {Subi Arumugam and Alin Dobra and Christopher M. Jermaine and Niketan Pansare and Luis Perez},
	Booktitle = {SIGMOD '10},
	Title = {The DataPath System: A Data-Centric Analytic Processing Engine for Large Data Warehouses},
	Year = {2010}}

@misc{ivezic:arxiv11,
	Author = {Z. Ivezic and J. A. Tyson and E. Acosta and R. Allsman and S. F. Anderson and J. Andrew and R. Angel and T. Axelrod and J. D. Barr and A. C. Becker and J. Becla and C. Beldica and R. D. Blandford and J. S. Bloom and K. Borne and W. N. Brandt and M. E. Brown and J. S. Bullock and D. L. Burke and S. Chandrasekharan and S. Chesley and C. F. Claver and A. Connolly and K. H. Cook and A. Cooray and K. R. Covey and C. Cribbs and R. Cutri and G. Daues and F. Delgado and H. Ferguson and E. Gawiser and J. C. Geary and P. Gee and M. Geha and R. R. Gibson and D. K. Gilmore and W. J. Gressler and C. Hogan and M. E. Huffer and S. H. Jacoby and B. Jain and J. G. Jernigan and R. L. Jones and M. Juric and S. M. Kahn and J. S. Kalirai and J. P. Kantor and R. Kessler and D. Kirkby and L. Knox and V. L. Krabbendam and S. Krughoff and S. Kulkarni and R. Lambert and D. Levine and M. Liang and K-T. Lim and R. H. Lupton and P. Marshall and S. Marshall and M. May and M. Miller and D. J. Mills and D. G. Monet and D. R. Neill and M. Nordby and P. O'Connor and J. Oliver and S. S. Olivier and K. Olsen and R. E. Owen and J. R. Peterson and C. E. Petry and F. Pierfederici and S. Pietrowicz and R. Pike and P. A. Pinto and R. Plante and V. Radeka and A. Rasmussen and S. T. Ridgway and W. Rosing and A. Saha and T. L. Schalk and R. H. Schindler and D. P. Schneider and G. Schumacher and J. Sebag and L. G. Seppala and I. Shipsey and N. Silvestri and J. A. Smith and R. C. Smith and M. A. Strauss and C. W. Stubbs and D. Sweeney and A. Szalay and J. J. Thaler and D. Vanden Berk and L. Walkowicz and M. Warner and B. Willman and D. Wittman and S. C. Wolff and W. M. Wood-Vasey and P. Yoachim and H. Zhan and for the LSST Collaboration},
	Month = {Jun},
	Title = {LSST: from Science Drivers to Reference Design and Anticipated Data Products},
	Year = {2011}}
